@InBook{SedgewickRedBlack,
  author = {Sedgewick, R. and Wayne, K.},
  title = {Algorithms},
  chapter = {3.3, Balanced Search Trees},
  year = {2011},
  isbn = {032157351X, 9780321573513},
  edition = {4th},
  publisher = {Addison-Wesley Professional},
}

@InBook{CormenRedBlack,
  author = {Cormen, T.H. and Stein, C. and Rivest, R.L. and Leiserson, C.E.},
  title = {Introduction to Algorithms},
  chapter = {13, Red-Black Trees},
  year = {2001},
  isbn = {0070131511},
  edition = {2nd},
  publisher = {McGraw-Hill Higher Education}}

@InProceedings{BenderM-F2000,
  author = 	 {M.A. Bender and M. Farach-Colton},
  title = 	 {The {LCA} Problem Revisted},
  booktitle = {Proc.\ of the 4th Latin American Symposium on Theoretical Informatics (LATIN)},
  year = 	 2000,
  editor = 	 {Springer-Verlag},
  volume = 	 1776,
  series = 	 {Lecture Notes in Computer Science},
  pages = 	 {88--94}}

@Article{BenderM-F2004,
  author = 	 {M.A. Bender and M. Farach-Colton},
  title = 	{The Level Ancestor Problem simplified},
  journal = 	{Theoretical Computer Science},
  year = 	2004,
  volume = 	321,
  pages = 	{5--12}}

@Misc{Couto2016,
  author = 	 {Y.S. Couto},
  title = 	 {Algoritmos em sequências},
  year = 	 2016,
  note = 	 {Trabalho de Conclusão de Curso do Bacharelado em Ciência da Computação, Universidade de São Paulo}}

@InBook{Gusfield,
  title={Algorithms on Strings, Trees, and Sequences},
  author={D. Gusfield},
  isbn={9780521585194},
  lccn={96046612},
  series={EBL-Schweitzer},
  chapter={8, Constant-Time Lowest Common Ancestor Retrieval},
  year=1997,
  publisher={Cambridge University Press}}

@Article{R.W-2002,
  title	= {On computing a longest path in a tree},
  author	= {R.W. Bulterman and F.W. van der Sommen and G. Zwaan and T. Verhoeff and A.J.M. van Gasteren and W.H.J. Feijen},
  publisher	= {Elsevier Science},
  journal	= {Information Processing Letters},
  year	= 2002,
  volume	= 81,
  pages	= {93--96}}

@Misc{Demaine2012,
  author = 	 {E.D. Demaine},
  title = 	 {Advanced {D}ata {S}tructures.  {MIT} course number 6.851},
  howpublished = {\texttt{https://ocw.mit.edu/courses/electrical-engineering-and-computer-} \texttt{science/6-851-advanced-data-structures-spring-2012/}},
  year = 	 2012}

@Article{DemaineIL2007,
  author = 	 {E.D. Demaine and J. Iacono and S. Langerman},
  title = 	 {Retroactive Data Structures},
  journal = 	 {ACM Transactions on Algorithms},
  year = 	 2007,
  volume = 	 3,
  number = 	 2,
  note = {20 pp.}}

@Article{DemaineHIP2007,
  author = 	 {E.D. Demaine and D. Harmon and J. Iacono and M. P\u{a}tra\c{s}cu},
  title = 	 {Dynamic Optimality -- Almost},
  journal = 	 {SIAM J. Comput.}, 
  year = 	 2007,
  volume = 	 37,
  number = 	 1,
  pages = 	 {240--251}}

@InProceedings{DemaineKLSY2015,
  author = 	 {E.D. Demaine and T. Kaler and Q. Liu and A. Sidford and A. Yedidia},
  title = 	 {Polylogarithmic Fully Retroactive Priority Queues via Hierarchical Checkpointing},
  booktitle =    {Proc.\ of the 14th Workshop on Algorithms and Data Structures (WADS)},
  year = 	 2015,
  volume = 	 9214,
  series = 	 {Lecture Notes in Computer Science},
  pages = 	 {263--275}}

@PhdThesis{Derryberry2009,
  author = 	 {J.C. Derryberry},
  title = 	 {Adaptative Binary Search Trees},
  school = 	 {School of Computer Science, Carnegie Mellon University},
  year = 	 2009}

@TechReport{DerryberrySW2009,
  author = 	 {J.C. Derryberry and D.D. Sleator and C.C. Wang},
  title = 	 {Properties of Multi-Splay Trees},
  institution =  {School of Computer Science, Carnegie Mellon University},
  year = 	 2009,
  note = 	 {CMU-CS-09-171, 18 pp.}}

@Article{DriscollSST1989,
  author = 	 {J.R. Driscoll and N. Sarnak and D.D. Sleator and R.E. Tarjan},
  title = 	 {Making Data Structures Persistent},
  journal = 	 {Journal of Computer and System Sciences},
  year = 	 1989,
  volume = 	 38,
  number = 	 1,
  pages = 	 {86--124}}

@Article{DriscollST1994,
  author = 	 {J.R. Driscoll and D.D. Sleator and R.E. Tarjan},
  title = 	 {Fully Persistent Lists with Catenation},
  journal = 	 {Journal of the ACM},
  year = 	 1994,
  volume = 	 41,
  number = 	 5,
  pages = 	 {943–-959}}

@InBook{Kaplan2001,
  author = 	 {H. Kaplan},
  title = 	 {Handbook on Data Structures and Applications},
  chapter = 	 {31, Persistent Data Structures},
  publisher = 	 {CRC Press},
  year = 	 2004,
  note =         {27 pp.}}

@Book{Okasaki1999,
  author = 	 {C. Okasaki},
  title = 	 {Purely Functional Data Structures},
  publisher = 	 {Cambridge University Press},
  year = 	 1999}

@article{SleatorT1985,
 author = {D.D. Sleator and R.E. Tarjan},
 title = {Self-adjusting Binary Search Trees},
 journal = {Journal of the ACM},
 volume = {32},
 number = {3},
 year = {1985},
 pages = {652--686},
} 

@PhdThesis{Wang2006,
  author = 	 {C.C. Wang},
  title = 	 {Multi-Splay Trees},
  school =       {School of Computer Science, Carnegie Mellon University},
  year = 	 2006,
  note = 	 {Technical report CMU-CS-06-140, 98 pp.}}

@Article{Wilber1989,
  author = 	 {R. Wilber},
  title = 	 {Lower Bounds for Accessing Binary Search Trees with Rotations},
  journal = 	 {SIAM Journal on Computing}, 
  year = 	 {1989},
  OPTkey = 	 {},
  OPTvolume = 	 {18}, 
  OPTnumber = 	 {1},
  OPTpages = 	 {56--67},
  OPTmonth = 	 {},
  OPTnote = 	 {},
  OPTannote = 	 {}
}

@article{KaplanT1999,
 author = {Kaplan, H. and Tarjan, R.E.},
 title = {Purely Functional, Real-time Deques with Catenation},
 journal = {J. ACM},
 issue_date = {Sept. 1999},
 volume = {46},
 number = {5},
 month = sep,
 year = {1999},
 issn = {0004-5411},
 pages = {577--603},
 numpages = {27},
 url = {http://doi.acm.org/10.1145/324133.324139},
 doi = {10.1145/324133.324139},
 acmid = {324139},
 publisher = {ACM},
 address = {New York, NY, USA},
 keywords = {catenation, data structures, double-ended queue, persistent data structures, purely functional data structures, purely functional queues, queue, stack},
}
